@article{microburst,
  title={High-resolution measurement of data center microbursts},
  author={Qiao Zhang et al.},
  journal={Proceedings of the 2017 Internet Measurement Conference},
  volume={},
  number={},
  pages={},
  year={2017},
  publisher={}
}

@article{active,
  title={Towards an Active Network Architecture},
  author={D. L. Tennenhouse and D. J. Wetherall},
  journal={ACM SIGCOMM Computer Communication Review},
  volume={26},
  number={2},
  pages={5--18},
  year={1996},
  publisher={ACM}
}

@article{p4,
  title={P4: Programming protocol-independent packet processors},
  author={Pat Bosshart et al.},
  journal={ACM SIGCOMM Computer Communication Review},
  volume={44},
  number={3},
  pages={87--95},
  year={2014},
  publisher={ACM}
}

@article{fattree,
  title={A scalable, commodity data center network architecture},
  author={Mohammad Al-Fares and Alexander Loukissas and Amin Vahdat},
  journal={ACM SIGCOMM Computer Communication Review},
  volume={38},
  number={4},
  pages={63--74},
  year={2008},
  publisher={ACM}
}

@article{sdn,
  title={The road to SDN: an intellectual history of programmable networks},
  author={Nick Feamster and Jennifer Rexford and Ellen Zegura},
  journal={ACM SIGCOMM Computer Communication Review},
  volume={44},
  number={2},
  pages={87--98},
  year={2014},
  publisher={ACM}
}

@misc{mininet,
  author = {Mininet Dev Team},
  title = {Mininet},
  year = {2021},
  note = {Last accessed 12 May 2021},
  url = {http://mininet.org/}
}

@misc{scapy,
  author = {Scapy Dev Team},
  title = {Scapy},
  year = {2021},
  note = {Last accessed 12 May 2021},
  url = {https://scapy.net/}
}

@misc{nisa,
  author = {Vishal Satish and Aditya Srivastava},
  title = {NISA},
  year = {2021},
  note = {Last accessed 12 May 2021},
  url = {https://github.com/indianwolverine/nisa}
}

@misc{tofino,
  author = {Intel},
  title = {Intel Tofino},
  year = {2021},
  note = {Last accessed 12 May 2021},
  url = {https://www.intel.com/content/www/us/en/products/network-io/programmable-ethernet-switch/tofino-series/tofino.html}
}